[gd_scene load_steps=10 format=2]

[ext_resource path="res://characters/shooter/Shooter.tscn" type="PackedScene" id=1]
[ext_resource path="res://assets/sprites/mushroom_spritesheet.png" type="Texture" id=2]
[ext_resource path="res://characters/mushroom/Sprite.gd" type="Script" id=3]
[ext_resource path="res://characters/mushroom/Spore.tscn" type="PackedScene" id=4]
[ext_resource path="res://assets/sound/enemy_damage.ogg" type="AudioStream" id=5]

[sub_resource type="Animation" id=1]
resource_name = "idle"
length = 0.5
loop = true
tracks/0/type = "value"
tracks/0/path = NodePath(".:position")
tracks/0/interp = 1
tracks/0/loop_wrap = true
tracks/0/imported = false
tracks/0/enabled = true
tracks/0/keys = {
"times": PoolRealArray( 0 ),
"transitions": PoolRealArray( 1 ),
"update": 0,
"values": [ Vector2( 0, 0 ) ]
}
tracks/1/type = "value"
tracks/1/path = NodePath(".:modulate")
tracks/1/interp = 1
tracks/1/loop_wrap = true
tracks/1/imported = false
tracks/1/enabled = true
tracks/1/keys = {
"times": PoolRealArray( 0 ),
"transitions": PoolRealArray( 1 ),
"update": 0,
"values": [ Color( 1, 1, 1, 1 ) ]
}
tracks/2/type = "value"
tracks/2/path = NodePath(".:frame")
tracks/2/interp = 1
tracks/2/loop_wrap = true
tracks/2/imported = false
tracks/2/enabled = true
tracks/2/keys = {
"times": PoolRealArray( 0, 0.1, 0.2, 0.3, 0.4 ),
"transitions": PoolRealArray( 1, 1, 1, 1, 1 ),
"update": 1,
"values": [ 0, 1, 2, 3, 4 ]
}

[sub_resource type="Animation" id=2]
resource_name = "shooting"
length = 0.5
step = 0.05
tracks/0/type = "value"
tracks/0/path = NodePath(".:position")
tracks/0/interp = 1
tracks/0/loop_wrap = true
tracks/0/imported = false
tracks/0/enabled = true
tracks/0/keys = {
"times": PoolRealArray( 0 ),
"transitions": PoolRealArray( 1 ),
"update": 0,
"values": [ Vector2( 0, 0 ) ]
}
tracks/1/type = "value"
tracks/1/path = NodePath(".:modulate")
tracks/1/interp = 1
tracks/1/loop_wrap = true
tracks/1/imported = false
tracks/1/enabled = true
tracks/1/keys = {
"times": PoolRealArray( 0 ),
"transitions": PoolRealArray( 1 ),
"update": 0,
"values": [ Color( 1, 1, 1, 1 ) ]
}
tracks/2/type = "value"
tracks/2/path = NodePath(".:frame")
tracks/2/interp = 1
tracks/2/loop_wrap = true
tracks/2/imported = false
tracks/2/enabled = true
tracks/2/keys = {
"times": PoolRealArray( 0, 0.05, 0.1, 0.15, 0.2, 0.3, 0.35, 0.4, 0.45 ),
"transitions": PoolRealArray( 1, 1, 1, 1, 1, 1, 1, 1, 1 ),
"update": 1,
"values": [ 10, 11, 12, 13, 14, 13, 12, 11, 10 ]
}
tracks/3/type = "method"
tracks/3/path = NodePath(".")
tracks/3/interp = 1
tracks/3/loop_wrap = true
tracks/3/imported = false
tracks/3/enabled = true
tracks/3/keys = {
"times": PoolRealArray( 0.2 ),
"transitions": PoolRealArray( 1 ),
"values": [ {
"args": [ "shot" ],
"method": "emit_signal"
} ]
}

[sub_resource type="Animation" id=3]
resource_name = "stagger"
length = 0.5
step = 0.05
tracks/0/type = "value"
tracks/0/path = NodePath(".:frame")
tracks/0/interp = 1
tracks/0/loop_wrap = true
tracks/0/imported = false
tracks/0/enabled = true
tracks/0/keys = {
"times": PoolRealArray( 0, 0.1 ),
"transitions": PoolRealArray( 1, 1 ),
"update": 1,
"values": [ 15, 16 ]
}
tracks/1/type = "value"
tracks/1/path = NodePath(".:position")
tracks/1/interp = 1
tracks/1/loop_wrap = true
tracks/1/imported = false
tracks/1/enabled = true
tracks/1/keys = {
"times": PoolRealArray( 0, 0.1, 0.2, 0.3 ),
"transitions": PoolRealArray( 1, 1, 1, 1 ),
"update": 0,
"values": [ Vector2( 0, 0 ), Vector2( 0, 0 ), Vector2( 4, 0 ), Vector2( 0, 0 ) ]
}
tracks/2/type = "value"
tracks/2/path = NodePath(".:modulate")
tracks/2/interp = 1
tracks/2/loop_wrap = true
tracks/2/imported = false
tracks/2/enabled = true
tracks/2/keys = {
"times": PoolRealArray( 0, 0.1, 0.15, 0.2, 0.25, 0.3, 0.35, 0.4, 0.45 ),
"transitions": PoolRealArray( 1, 1, 1, 1, 1, 1, 1, 1, 1 ),
"update": 1,
"values": [ Color( 1, 1, 1, 1 ), Color( 1, 1, 1, 0.501961 ), Color( 1, 1, 1, 1 ), Color( 1, 1, 1, 0.501961 ), Color( 1, 1, 1, 1 ), Color( 1, 1, 1, 0.501961 ), Color( 1, 1, 1, 1 ), Color( 1, 1, 1, 0.501961 ), Color( 1, 1, 1, 1 ) ]
}

[sub_resource type="Animation" id=4]
length = 0.5
loop = true
tracks/0/type = "value"
tracks/0/path = NodePath(".:position")
tracks/0/interp = 1
tracks/0/loop_wrap = true
tracks/0/imported = false
tracks/0/enabled = true
tracks/0/keys = {
"times": PoolRealArray( 0 ),
"transitions": PoolRealArray( 1 ),
"update": 0,
"values": [ Vector2( 0, 0 ) ]
}
tracks/1/type = "value"
tracks/1/path = NodePath(".:modulate")
tracks/1/interp = 1
tracks/1/loop_wrap = true
tracks/1/imported = false
tracks/1/enabled = true
tracks/1/keys = {
"times": PoolRealArray( 0 ),
"transitions": PoolRealArray( 1 ),
"update": 0,
"values": [ Color( 1, 1, 1, 1 ) ]
}
tracks/2/type = "value"
tracks/2/path = NodePath(".:frame")
tracks/2/interp = 1
tracks/2/loop_wrap = true
tracks/2/imported = false
tracks/2/enabled = true
tracks/2/keys = {
"times": PoolRealArray( 0, 0.1, 0.2, 0.3, 0.4 ),
"transitions": PoolRealArray( 1, 1, 1, 1, 1 ),
"update": 1,
"values": [ 5, 6, 7, 8, 9 ]
}

[node name="Mushroom" groups=[
"monster",
] instance=ExtResource( 1 )]
move_speed = 32.0

[node name="Sprite" type="Sprite" parent="." index="0"]
modulate = Color( 1, 1, 1, 0.501961 )
position = Vector2( 4, 0 )
texture = ExtResource( 2 )
offset = Vector2( 0, -14 )
vframes = 4
hframes = 5
frame = 16
script = ExtResource( 3 )

[node name="AnimationPlayer" type="AnimationPlayer" parent="Sprite" index="0"]
autoplay = "idle"
anims/idle = SubResource( 1 )
anims/shooting = SubResource( 2 )
anims/stagger = SubResource( 3 )
anims/walking = SubResource( 4 )

[node name="Life" parent="." index="4"]
margin_top = -32.0
margin_bottom = -24.0
maximum = 1

[node name="Ranged" parent="." index="6"]
position = Vector2( -8, -16 )
ammo = ExtResource( 4 )

[node name="TacticalMap" parent="Ranged" index="0"]
target_group = "party"
steps = 20

[node name="Timer" parent="Ranged" index="1"]
wait_time = 3.0

[node name="DamageSFX" parent="." index="7"]
stream = ExtResource( 5 )
[connection signal="damage_taken" from="." to="Sprite" method="stagger"]
[connection signal="death_concluded" from="Sprite" to="." method="queue_free"]
[connection signal="animation_finished" from="Sprite/AnimationPlayer" to="Sprite" method="_on_animation_finished"]
[connection signal="died" from="Life" to="Sprite" method="die"]
