[gd_scene load_steps=16 format=2]

[ext_resource path="res://characters/Character.tscn" type="PackedScene" id=1]
[ext_resource path="res://assets/sprites/boss_spritesheet.png" type="Texture" id=2]
[ext_resource path="res://characters/king_slime/Sprite.gd" type="Script" id=3]
[ext_resource path="res://characters/king_slime/Boss.gd" type="Script" id=4]
[ext_resource path="res://characters/critter/Touch.tscn" type="PackedScene" id=5]
[ext_resource path="res://assets/sound/mage_attack.ogg" type="AudioStream" id=6]

[sub_resource type="Animation" id=1]
resource_name = "casting_beam"
length = 1.6
tracks/0/type = "value"
tracks/0/path = NodePath(".:modulate")
tracks/0/interp = 1
tracks/0/loop_wrap = true
tracks/0/imported = false
tracks/0/enabled = true
tracks/0/keys = {
"times": PoolRealArray( 0 ),
"transitions": PoolRealArray( 1 ),
"update": 0,
"values": [ Color( 1, 1, 1, 1 ) ]
}
tracks/1/type = "value"
tracks/1/path = NodePath(".:frame")
tracks/1/interp = 1
tracks/1/loop_wrap = true
tracks/1/imported = false
tracks/1/enabled = true
tracks/1/keys = {
"times": PoolRealArray( 0, 0.1, 0.2, 0.3, 0.4, 0.5, 0.6, 0.7, 0.8, 0.9, 1, 1.1, 1.2, 1.3, 1.4, 1.5 ),
"transitions": PoolRealArray( 1, 1, 1, 1, 1, 1, 1, 1, 1, 1, 1, 1, 1, 1, 1, 1 ),
"update": 1,
"values": [ 10, 11, 12, 13, 14, 13, 14, 13, 14, 13, 14, 13, 14, 13, 14, 13 ]
}
tracks/2/type = "value"
tracks/2/path = NodePath("../Beam:visible")
tracks/2/interp = 1
tracks/2/loop_wrap = true
tracks/2/imported = false
tracks/2/enabled = true
tracks/2/keys = {
"times": PoolRealArray( 0, 1, 1.5 ),
"transitions": PoolRealArray( 1, 1, 1 ),
"update": 1,
"values": [ false, true, false ]
}
tracks/3/type = "value"
tracks/3/path = NodePath("../Beam/Inner:scale")
tracks/3/interp = 1
tracks/3/loop_wrap = true
tracks/3/imported = false
tracks/3/enabled = true
tracks/3/keys = {
"times": PoolRealArray( 0, 1, 1.1, 1.2, 1.3, 1.4 ),
"transitions": PoolRealArray( 1, 1, 1, 1, 1, 1 ),
"update": 0,
"values": [ Vector2( 1, 1 ), Vector2( 1, 1 ), Vector2( 1, 0.8 ), Vector2( 1, 1 ), Vector2( 1, 0.8 ), Vector2( 1, 1 ) ]
}
tracks/4/type = "method"
tracks/4/path = NodePath("../Boss")
tracks/4/interp = 1
tracks/4/loop_wrap = true
tracks/4/imported = false
tracks/4/enabled = true
tracks/4/keys = {
"times": PoolRealArray( 1 ),
"transitions": PoolRealArray( 1 ),
"values": [ {
"args": [  ],
"method": "_on_beam_cast"
} ]
}
tracks/5/type = "method"
tracks/5/path = NodePath("../AudioStreamPlayer")
tracks/5/interp = 1
tracks/5/loop_wrap = true
tracks/5/imported = false
tracks/5/enabled = true
tracks/5/keys = {
"times": PoolRealArray( 1 ),
"transitions": PoolRealArray( 1 ),
"values": [ {
"args": [ 0.0 ],
"method": "play"
} ]
}

[sub_resource type="Animation" id=2]
resource_name = "casting_heal"
tracks/0/type = "value"
tracks/0/path = NodePath(".:modulate")
tracks/0/interp = 1
tracks/0/loop_wrap = true
tracks/0/imported = false
tracks/0/enabled = true
tracks/0/keys = {
"times": PoolRealArray( 0 ),
"transitions": PoolRealArray( 1 ),
"update": 0,
"values": [ Color( 1, 1, 1, 1 ) ]
}
tracks/1/type = "value"
tracks/1/path = NodePath(".:frame")
tracks/1/interp = 1
tracks/1/loop_wrap = true
tracks/1/imported = false
tracks/1/enabled = true
tracks/1/keys = {
"times": PoolRealArray( 0, 0.1, 0.2, 0.3, 0.4, 0.5, 0.6, 0.7, 0.8, 0.9 ),
"transitions": PoolRealArray( 1, 1, 1, 1, 1, 1, 1, 1, 1, 1 ),
"update": 1,
"values": [ 5, 6, 7, 8, 9, 8, 9, 8, 9, 8 ]
}
tracks/2/type = "method"
tracks/2/path = NodePath("../Boss")
tracks/2/interp = 1
tracks/2/loop_wrap = true
tracks/2/imported = false
tracks/2/enabled = true
tracks/2/keys = {
"times": PoolRealArray( 0.8 ),
"transitions": PoolRealArray( 1 ),
"values": [ {
"args": [  ],
"method": "_on_heal_cast"
} ]
}

[sub_resource type="Animation" id=3]
length = 0.5
loop = true
tracks/0/type = "value"
tracks/0/path = NodePath(".:frame")
tracks/0/interp = 1
tracks/0/loop_wrap = true
tracks/0/imported = false
tracks/0/enabled = true
tracks/0/keys = {
"times": PoolRealArray( 0, 0.1, 0.2, 0.3, 0.4 ),
"transitions": PoolRealArray( 1, 1, 1, 1, 1 ),
"update": 1,
"values": [ 0, 1, 2, 3, 4 ]
}
tracks/1/type = "value"
tracks/1/path = NodePath(".:modulate")
tracks/1/interp = 1
tracks/1/loop_wrap = true
tracks/1/imported = false
tracks/1/enabled = true
tracks/1/keys = {
"times": PoolRealArray( 0 ),
"transitions": PoolRealArray( 1 ),
"update": 0,
"values": [ Color( 1, 1, 1, 1 ) ]
}
tracks/2/type = "value"
tracks/2/path = NodePath("../Beam:visible")
tracks/2/interp = 1
tracks/2/loop_wrap = true
tracks/2/imported = false
tracks/2/enabled = true
tracks/2/keys = {
"times": PoolRealArray( 0 ),
"transitions": PoolRealArray( 1 ),
"update": 1,
"values": [ false ]
}

[sub_resource type="Animation" id=4]
length = 0.5
step = 0.05
tracks/0/type = "value"
tracks/0/path = NodePath(".:modulate")
tracks/0/interp = 1
tracks/0/loop_wrap = true
tracks/0/imported = false
tracks/0/enabled = true
tracks/0/keys = {
"times": PoolRealArray( 0, 0.1, 0.15, 0.2, 0.25, 0.3, 0.35, 0.4, 0.45 ),
"transitions": PoolRealArray( 1, 1, 1, 1, 1, 1, 1, 1, 1 ),
"update": 1,
"values": [ Color( 1, 1, 1, 1 ), Color( 1, 1, 1, 0.501961 ), Color( 1, 1, 1, 1 ), Color( 1, 1, 1, 0.501961 ), Color( 1, 1, 1, 1 ), Color( 1, 1, 1, 0.501961 ), Color( 1, 1, 1, 1 ), Color( 1, 1, 1, 0.501961 ), Color( 1, 1, 1, 1 ) ]
}
tracks/1/type = "value"
tracks/1/path = NodePath(".:frame")
tracks/1/interp = 1
tracks/1/loop_wrap = true
tracks/1/imported = false
tracks/1/enabled = true
tracks/1/keys = {
"times": PoolRealArray( 0, 0.1, 0.2, 0.3, 0.4 ),
"transitions": PoolRealArray( 1, 1, 1, 1, 1 ),
"update": 1,
"values": [ 0, 1, 2, 3, 4 ]
}
tracks/2/type = "value"
tracks/2/path = NodePath("../Beam:visible")
tracks/2/interp = 1
tracks/2/loop_wrap = true
tracks/2/imported = false
tracks/2/enabled = true
tracks/2/keys = {
"times": PoolRealArray( 0 ),
"transitions": PoolRealArray( 1 ),
"update": 1,
"values": [ false ]
}

[sub_resource type="Animation" id=5]
length = 0.5
loop = true
tracks/0/type = "value"
tracks/0/path = NodePath(".:frame")
tracks/0/interp = 1
tracks/0/loop_wrap = true
tracks/0/imported = false
tracks/0/enabled = true
tracks/0/keys = {
"times": PoolRealArray( 0, 0.1, 0.2, 0.3, 0.4 ),
"transitions": PoolRealArray( 1, 1, 1, 1, 1 ),
"update": 1,
"values": [ 0, 1, 2, 3, 4 ]
}
tracks/1/type = "value"
tracks/1/path = NodePath(".:modulate")
tracks/1/interp = 1
tracks/1/loop_wrap = true
tracks/1/imported = false
tracks/1/enabled = true
tracks/1/keys = {
"times": PoolRealArray( 0 ),
"transitions": PoolRealArray( 1 ),
"update": 0,
"values": [ Color( 1, 1, 1, 1 ) ]
}
tracks/2/type = "value"
tracks/2/path = NodePath("../Beam:visible")
tracks/2/interp = 1
tracks/2/loop_wrap = true
tracks/2/imported = false
tracks/2/enabled = true
tracks/2/keys = {
"times": PoolRealArray( 0 ),
"transitions": PoolRealArray( 1 ),
"update": 1,
"values": [ false ]
}

[sub_resource type="RectangleShape2D" id=6]
extents = Vector2( 34, 10 )

[sub_resource type="RectangleShape2D" id=7]
extents = Vector2( 24, 16 )

[sub_resource type="GDScript" id=8]
script/source = "extends Area2D


func _process_character(character: Character, _delta):
	if character.dir == -1:
		self.scale.x = 1
	elif character.dir == 1:
		self.scale.x = -1
"

[sub_resource type="RectangleShape2D" id=9]
extents = Vector2( 160, 10 )

[node name="KingSlime" groups=[
"monster",
] instance=ExtResource( 1 )]
move_speed = 16.0

[node name="Sprite" type="Sprite" parent="." index="0"]
texture = ExtResource( 2 )
offset = Vector2( 0, -18 )
vframes = 4
hframes = 5
frame = 14
script = ExtResource( 3 )

[node name="AnimationPlayer" type="AnimationPlayer" parent="Sprite" index="0"]
autoplay = "idle"
anims/casting_beam = SubResource( 1 )
anims/casting_heal = SubResource( 2 )
anims/idle = SubResource( 3 )
anims/stagger = SubResource( 4 )
anims/walking = SubResource( 5 )

[node name="RepulsionArea" parent="." index="3"]
visible = true

[node name="CollisionShape2D2" type="CollisionShape2D" parent="RepulsionArea" index="1"]
shape = SubResource( 6 )

[node name="Life" parent="." index="4"]
margin_left = -160.0
margin_top = -64.0
margin_right = 160.0
margin_bottom = -56.0
maximum = 15

[node name="Boss" type="Timer" parent="." index="7"]
wait_time = 4.0
autostart = true
script = ExtResource( 4 )

[node name="Touch" parent="." index="8" instance=ExtResource( 5 )]
visible = false
push = 512.0

[node name="CollisionShape2D" type="CollisionShape2D" parent="Touch" index="1"]
position = Vector2( 0, -16 )
shape = SubResource( 7 )

[node name="Beam" type="Area2D" parent="." index="9"]
collision_layer = 8
script = SubResource( 8 )

[node name="CollisionShape2D" type="CollisionShape2D" parent="Beam" index="0"]
position = Vector2( -182, -8 )
shape = SubResource( 9 )

[node name="Outer" type="Polygon2D" parent="Beam" index="1"]
position = Vector2( -22, -8 )
color = Color( 0.815686, 0.27451, 0.282353, 0.501961 )
polygon = PoolVector2Array( 10, -8, 6, -14, 0, -18, -8, -20, -16, -18, -22, -14, -26, -8, -32, -8, -320, -8, -320, 8, -26, 8, -22, 14, -16, 18, -8, 20, 0, 18, 6, 14, 10, 8, 12, 0 )

[node name="Mid" type="Polygon2D" parent="Beam" index="2"]
position = Vector2( -22, -8 )
color = Color( 0.823529, 0.666667, 0.6, 0.501961 )
polygon = PoolVector2Array( 4, -4, 0, -10, -6, -14, -14, -14, -20, -10, -24, -6, -320, -6, -320, 6, -24, 6, -20, 10, -14, 14, -6, 14, 0, 10, 4, 4 )

[node name="Inner" type="Polygon2D" parent="Beam" index="3"]
position = Vector2( -22, -8 )
color = Color( 0.870588, 0.933333, 0.839216, 0.501961 )
polygon = PoolVector2Array( 0, -4, -6, -10, -14, -10, -20, -4, -320, -4, -320, 4, -20, 4, -14, 10, -6, 10, 0, 4 )

[node name="Label" type="Label" parent="." index="10"]
margin_right = 40.0
margin_bottom = 14.0
__meta__ = {
"_edit_use_anchors_": false
}

[node name="AudioStreamPlayer" type="AudioStreamPlayer" parent="." index="11"]
stream = ExtResource( 6 )
bus = "SFX"
[connection signal="death_concluded" from="Sprite" to="." method="queue_free"]
[connection signal="animation_finished" from="Sprite/AnimationPlayer" to="Sprite" method="_on_animation_finished"]
[connection signal="died" from="Life" to="Sprite" method="die"]
[connection signal="died" from="Life" to="Boss" method="queue_free"]
[connection signal="timeout" from="Boss" to="Boss" method="choose"]
