[gd_scene load_steps=11 format=2]

[ext_resource path="res://assets/sprites/shield_animation.png" type="Texture" id=1]
[ext_resource path="res://characters/properties/shield/Shield.gd" type="Script" id=2]
[ext_resource path="res://assets/sound/healer_bless.ogg" type="AudioStream" id=3]

[sub_resource type="AtlasTexture" id=1]
atlas = ExtResource( 1 )
region = Rect2( 0, 0, 48, 48 )

[sub_resource type="AtlasTexture" id=2]
atlas = ExtResource( 1 )
region = Rect2( 48, 0, 48, 48 )

[sub_resource type="AtlasTexture" id=3]
atlas = ExtResource( 1 )
region = Rect2( 96, 0, 48, 48 )

[sub_resource type="AtlasTexture" id=4]
atlas = ExtResource( 1 )
region = Rect2( 144, 0, 48, 48 )

[sub_resource type="AtlasTexture" id=5]
atlas = ExtResource( 1 )
region = Rect2( 192, 0, 48, 48 )

[sub_resource type="AtlasTexture" id=6]
atlas = ExtResource( 1 )
region = Rect2( 240, 0, 48, 48 )

[sub_resource type="SpriteFrames" id=7]
animations = [ {
"frames": [ SubResource( 1 ), SubResource( 2 ), SubResource( 3 ), SubResource( 4 ), SubResource( 5 ), SubResource( 6 ) ],
"loop": true,
"name": "default",
"speed": 10.0
} ]

[node name="Shield" type="AnimatedSprite"]
frames = SubResource( 7 )
script = ExtResource( 2 )

[node name="Timer" type="Timer" parent="."]
one_shot = true

[node name="SFX" type="AudioStreamPlayer" parent="."]
stream = ExtResource( 3 )
autoplay = true
bus = "SFX"
